
 
 
Bibtex (bib) file for the thesis style document.
 
@misc{cremona2004elliptic,
  title={Elliptic curve data},
  author={Cremona, J.E},
  howpublished = {\url{http://www.maths.nott.ac.uk/personal/jec/ftp/data/INDEX.html}}
}

@book{stein2007modular,
  title={Modular forms, a computational approach},
  author={Stein, William A},
  volume={79}
}

@misc{stein2012algebraic,
  title={Algebraic number theory, a computational approach},
  author={Stein, William},
  howpublished = {\url{https://github.com/williamstein/ant}}
}

@article{atkin1978twists,
  title={Twists of newforms and pseudo-eigenvalues of $W$-operators},
  author={Atkin, AOL and Winnie Li, Wein-Ch'ing},
  journal={Inventiones mathematicae},
  volume={48},
  number={3},
  pages={221--243},
  year={1978},
  publisher={Springer}
}


@article{li1975newforms,
  title={Newforms and functional equations},
  author={Li, Wen-Ch'ing Winnie},
  journal={Mathematische Annalen},
  volume={212},
  number={4},
  pages={285--315},
  year={1975},
  publisher={Springer}
}

@article{delaunay2005critical,
  title={Critical and ramification points of the modular parametrization of an elliptic curve},
  author={Delaunay, Christophe},
  journal = {J. Th{\'e}or. Nombres Bordeaux},
  volume = {17},
  pages = {109-124},
  year={2005}
}


@article{delaunay2002thesis,
  title= {Formes modulaires et invariants de courbes elliptiques d{\'e}finies sur {$\mathbb{Q}$}},
  author={Delaunay, Christophe},
  journal = {Th{\`e}se de doctorat, Universit{\'e} Bordeaux 1},
  year= {d{\'e}cembre 2002}
}

@misc{chen2015expansion,
  title= {Computing {F}ourier expansion of {$\Gamma_0(N)$ newforms} at non-unitary cusps},
  author={Chen, Hao},
  howpublished={In preparation}
}


@Article{mazur-sd,
  author  = {Mazur, B. and Swinnerton-Dyer, P.},
  title   = {Arithmetic of {W}eil curves},
  journal = {Invent. Math.},
  volume  = {25},
  year    = {1974},
  pages   = {1--61},
  mrclass = {14G05 (10D05)},
  mrrevr  = {J. S. Milne}
}

@article{bump1990nonvanishing,
  title= {Nonvanishing theorems for {$L$}-functions of modular forms and their derivatives},
  author={Bump, Daniel and Friedberg, Solomon and Hoffstein, Jeffrey},
  journal={Inventiones mathematicae},
  volume={102},
  number={1},
  pages={543--618},
  year={1990},
  publisher={Springer}
}




# Ono and Ahrlgen

@article{ahlgren2003weierstrass,
  title={Weierstrass points on {$X_0(p)$} and supersingular {$j$}-invariants},
  author={Ahlgren, Scott and Ono, Ken},
  journal={Mathematische Annalen},
  volume={325},
  number={2},
  pages={355--368},
  year={2003},
  publisher={Springer}
}

# Ligozat

@article{ligozat1975courbes,
  title={Courbes modulaires de genre 1},
  author={Ligozat, G{\'e}rard},
  journal={M{\'e}moires de la Soci{\'e}t{\'e} Math{\'e}matique de France},
  volume={43},
  pages={5--80},
  year={1975},
  publisher={Soci{\'e}t{\'e} math{\'e}matique de France}
}

# Stevens



# Yang

@article{yang2006defining,
  title={Defining equations of modular curves},
  author={Yang, Yifan},
  journal={Advances in Mathematics},
  volume={204},
  number={2},
  pages={481--508},
  year={2006},
  publisher={Elsevier}
}


@article{mulders2004certified,
  title={Certified dense linear system solving},
  author={Mulders, Thom and Storjohann, Arne},
  journal={Journal of Symbolic Computation},
  volume={37},
  number={4},
  pages={485--510},
  year={2004},
  publisher={Elsevier}
}



@book{silverman2009arithmetic,
  title={The arithmetic of elliptic curves},
  author={Silverman, Joseph H},
  volume={106},
  year={2009},
  publisher={Springer}
}

@article{gross1986heegner,
  title={Heegner points and derivatives of {$L$}-series},
  author={Gross, Benedict H and Zagier, Don B},
  journal={Inventiones mathematicae},
  volume={84},
  number={2},
  pages={225--320},
  year={1986},
  publisher={Springer}
}

@article{breuil2001modularity,
  title={On the modularity of elliptic curves over {$\mathbb{Q}$}: wild 3-adic exercises},
  author={Breuil, Christophe and Conrad, Brian and Diamond, Fred and Taylor, Richard},
  journal={Journal of the American Mathematical Society},
  pages={843--939},
  year={2001},
  publisher={JSTOR}
}

@manual{sage,
  Author = {W.\thinspace{}A. Stein and others},
  Key = {Sage},
  Note = {{\tt http://www.sagemath.org}},
  Organization = {The Sage Development Team},
  Title = {{S}age {M}athematics {S}oftware ({V}ersion 6.4)},
  Year = {2014}}

@article{mahler1974coefficients,
  title={On the coefficients of transformation polynomials for the modular function},
  author={Mahler, Kurt},
  journal={Bulletin of the Australian Mathematical Society},
  volume={10},
  number={02},
  pages={197--218},
  year={1974},
  publisher={Cambridge Univ Press}
}


 
